% This file was created with JabRef 2.3.1.
% Encoding: UTF-8

@MISC{gentleman05,
  author = {W. Morven Gentleman},
  title = {Dynamic Architecture},
  year = {2005},
  subtitle = {Structuring for Change}
}

@ARTICLE{kearney86,
  author = {Joseph P. Kearney and Robert L. Sedlmeyer and William B. Thompson
	and Michael A. Gray and Michael A. Adler},
  title = {Software complexity measurement},
  journal = {Commun. ACM},
  year = {1986},
  volume = {29},
  pages = {1044--1050},
  number = {11},
  address = {New York, NY, EUA},
  issn = {0001-0782},
  publisher = {ACM}
}

@ARTICLE{lehmanramil97,
  author = {M M Lehman and J F Ramil},
  title = {Metrics and Laws of Software Evolution - The Nineties View},
  journal = {Proceedings of the Fourth International IEEE Symposium, 1997},
  year = {1998},
  publisher = {IEEE}
}

@ARTICLE{key_sizes,
  author = {Arjen K. Lenstra and Eric R. Verheul},
  title = {Selecting Cryptographic Key Sizes},
  owner = {guiraldelli},
  timestamp = {2008.11.25}
}
@PHDTHESIS{lloyd88,
  author = {Seth Lloyd},
  title = {Black Holes, Demons and the Loss of Coherence},
  school = {The Rockefeller University},
  year = {1988},
  type = {{D}outorado em {F}�sica {T}e�rica},
  address = {Nova York, NY, EUA},
  institution = {The Rockefeller University},
  subtitle = {How complex systems get information, and what they do with it}
}

@ARTICLE{butler89,
  author = {Thomas J. McCabe and Charles W. Butler r },
  title = {Design Complexity Measurement and Testing },
  journal = {Communications of the ACM },
  year = {1989},
  volume = {32},
  number = {12},
  address = {New York, NY, EUA},
  publisher = {ACM}
}

@ARTICLE{moore65,
  author = {Moore, Gordon E.},
  title = {Cramming More Components onto Integrated Circuits},
  journal = {Electronics Magazine},
  year = {1965},
  volume = {38},
  number = {8}
}

@ARTICLE{ranga07,
  author = {Anand Ranganathan and Roy H. Campbell},
  title = {What is the complexity of a distributed computing system?},
  journal = {Complex.},
  year = {2007},
  volume = {12},
  pages = {37--45},
  number = {6},
  address = {New York, NY, USA},
  issn = {1076-2787},
  publisher = {John Wiley \& Sons, Inc.}
}

@ARTICLE{simon62,
  author = {Herbert A. Simon},
  title = {The Architecture of Complexity},
  journal = {Proceedings of the American Philosophical Society},
  year = {1962},
  volume = {106},
  pages = {467--482},
  number = {6}
}

@ARTICLE{vasa03,
  author = {Rajesh Vasa and Jean-Guy Schneider },
  title = {Evolution of Cyclomatic Complexity in Object Oriented Software },
  journal = {Proceedings of the 7TH WORKSHOP ON QUANTITATIVE APPROACHES IN OBJECT-ORIENTED
	SOFTWARE ENGINEERING },
  year = {2003}
}

@ARTICLE{weaver48,
  author = {Weaver, Warren},
  title = {Science and Complexity},
  journal = {American Scientist},
  year = {1948},
  volume = {36},
  pages = {536-544}
}

@MISC{iwsWEB,
  title = {Internet World Stats},
  howpublished = {WWW},
  month = {Janeiro},
  year = {2008},
  owner = {virvet},
  timestamp = {2008.11.25},
  url = {http://www.internetworldstats.com}
}

@MISC{iscWEB,
  title = {Internet System Consortium},
  month = {Janeiro},
  year = {2006},
  owner = {virvet},
  timestamp = {2008.11.25},
  url = {http://navigators.com/stats.html}
}

@article{kafura81,
	author = {Kafura, D.  and  Henry, S.},
	title = {Software structure metrics based on information flow},
	journal = {IEEE Transactions on Software Engineering },
	volume = {7},
	number = {5},
	pages = {510--518},
	year = {1981},
	publisher = {IEEE},
}

@article{halstead77,
	author = {Halstead, M.},
	title = {Elements of Software Science, Operating, and Programming Systems Series},
	volume = {7},
	year = {1977},
	publisher = {Elsevier},
}

